@Article{Imb,
title = {Towards Class-Imbalance Aware Multi-Label Learning},
author = {Min-Ling Zhang, Yu-Kun Li, Xu-Ying Liu},
journal = {adsf},
year = {2015},
}
@Article{Imb2,
author = {Ken Chen,  Bao-Liang Lu, James T. Kwok},
title = {Efficient Classification of Multi-label and Imbalanced Data Using Min-Max Modular Classifiers},
journal = {•},
year = {2006},
}
@Article{doc2vec,
author = {Quoc Le, Tomas Mikolov},
title = {Distributed Representations of Sentences and Documents},
journal = {•},
year = {2014},
}
@article{DBLP:journals/corr/abs-1301-3781,
  author    = {Tomas Mikolov and
               Kai Chen and
               Greg Corrado and
               Jeffrey Dean},
  title     = {Efficient Estimation of Word Representations in Vector Space},
  journal   = {CoRR},
  volume    = {abs/1301.3781},
  year      = {2013},
  url       = {http://arxiv.org/abs/1301.3781},
  archivePrefix = {arXiv},
  eprint    = {1301.3781},
  timestamp = {Mon, 13 Aug 2018 16:48:33 +0200},
  biburl    = {https://dblp.org/rec/bib/journals/corr/abs-1301-3781},
  bibsource = {dblp computer science bibliography, https://dblp.org}
}
@ARTICLE{2017arXiv170201460S,
          author = {{Szyma{\'n}ski}, P. and {Kajdanowicz}, T.},
          title = "{A scikit-based Python environment for performing multi-label classification}",
          journal = {ArXiv e-prints},
          archivePrefix = "arXiv",
          eprint = {1702.01460},
          primaryClass = "cs.LG",
          keywords = {Computer Science - Learning, Computer Science - Mathematical Software},
          year = 2017,
          month = feb,
        }
@article{movie,
author = {Hoang, Quan},
year = {2018},
month = {01},
pages = {},
title = {Predicting Movie Genres Based on Plot Summaries}
}
@misc{annml1,
      author = "Tobias Sterbak",
      title = "Guide to multi-class multi-label classification with neural networks in python",
      month = "November",
      year = "2017",
      url = "https://www.depends-on-the-definition.com/guide-to-multi-label-classification-with-neural-networks/"
}
@misc{annml2,
      author = "Marcin Elantkowski",
      title = "How to train a multi-label Classifier",
      month = "September",
      year = "2015",
      url = "https://github.com/keras-team/keras/issues/741"
}
@misc{annml3,
      author = "Jason Brownlee",
      title = "Develop Your First Neural Network in Python With Keras Step",
      month = "May",
      year = "2016",
      url = "https://machinelearningmastery.com/tutorial-first-neural-network-python-keras/"
}
@article{hammingloss,
author = {Grigorios Tsoumakas, Ioannis Katakis},
year = {2007},
month = {July},
pages = {},
journal = {Warehousing \& Mining},
title = {Multi-Label Classification: An Overview. International Journal of Data }
}
@article{scikit-learn,
 title={Scikit-learn: Machine Learning in {P}ython},
 author={Pedregosa, F. and Varoquaux, G. and Gramfort, A. and Michel, V.
         and Thirion, B. and Grisel, O. and Blondel, M. and Prettenhofer, P.
         and Weiss, R. and Dubourg, V. and Vanderplas, J. and Passos, A. and
         Cournapeau, D. and Brucher, M. and Perrot, M. and Duchesnay, E.},
 journal={Journal of Machine Learning Research},
 volume={12},
 pages={2825--2830},
 year={2011}
}
@inproceedings{sklearn_api,
  author    = {Lars Buitinck and Gilles Louppe and Mathieu Blondel and
               Fabian Pedregosa and Andreas Mueller and Olivier Grisel and
               Vlad Niculae and Peter Prettenhofer and Alexandre Gramfort
               and Jaques Grobler and Robert Layton and Jake VanderPlas and
               Arnaud Joly and Brian Holt and Ga{\"{e}}l Varoquaux},
  title     = {{API} design for machine learning software: experiences from the scikit-learn
               project},
  booktitle = {ECML PKDD Workshop: Languages for Data Mining and Machine Learning},
  year      = {2013},
  pages = {108--122},
}
@misc{hammingdistance,
      author = "Anonymous",
      title = "Hamming distance-Wikipedia Entry",
      month = "-",
      year = "-",
      url = "http://www.wikizeroo.net/index.php?q=aHR0cHM6Ly9lbi53aWtpcGVkaWEub3JnL3dpa2kvSGFtbWluZ19kaXN0YW5jZQ"
}
@misc{word2vecmodel,
      author = "Chris McCormick",
      title = "Google's trained Word2Vec model in Python",
      month = "April",
      year = "2016",
      url = "http://mccormickml.com/2016/04/12/googles-pretrained-word2vec-model-in-python/"
}
@article{comp1,
author = {Matthias Hartung- Fabian Kaupmann- Soufian Jebbara- Philipp Cimiano},
year = {2017},
month = {April},
pages = {},
title = {Learning Compositionality Functions on Word Embeddings
for Modelling Attribute Meaning in Adjective-Noun Phrases},
url = {http://www.aclweb.org/anthology/E17-1006},
}
@article{comp2,
author = {Yimei Xiang},
year = {2017},
month = {March},
pages = {},
title = {Compositional Semantic},
url = {http://scholar.harvard.edu/files/yxiang/files/ho10-comp-sem.pdf},
}
@article{oldpaper,
author = {Hakan AKYUREK, Sefa YURTSEVEN},
year = {2018},
title = {What's this books genre?},
}